<?xml version="1.0" encoding="UTF-8"?><collection xmlns="http://www.loc.gov/MARC21/slim"><record><leader>00339nam--2200121-i-4500</leader><controlfield tag="001">000025115</controlfield><controlfield tag="002">20161230</controlfield><controlfield tag="005">20161230201035</controlfield><controlfield tag="008">060222s1000------------r-----000-0-eng-d</controlfield><datafield ind1=" " ind2=" " tag="100"><subfield code="a">Dennery, Philippe And Krzywicki, Andre</subfield></datafield><datafield ind1=" " ind2=" " tag="245"><subfield code="a">Mathematics for physicists</subfield></datafield><datafield ind1=" " ind2=" " tag="260"><subfield code="a">New York, Harper &amp; Row, 1967</subfield></datafield><datafield ind1=" " ind2=" " tag="490"><subfield code="a">A Harper International Edition</subfield></datafield></record></collection>